<record><leader>00000cas a22000007a 4500</leader><controlfield tag="001">24895547</controlfield><controlfield tag="008">911205d19891995mauwr ne      0   a0eng d</controlfield><datafield ind1=" " ind2=" " tag="010"><subfield code="a">sn 91058144 </subfield></datafield><datafield ind1=" " ind2=" " tag="040"><subfield code="a">MGN</subfield><subfield code="b">eng</subfield><subfield code="c">MGN</subfield><subfield code="d">NSD</subfield><subfield code="d">MGN</subfield><subfield code="d">NSD</subfield><subfield code="d">OCLCQ</subfield></datafield><datafield ind1=" " ind2=" " tag="012"><subfield code="j">0</subfield><subfield code="m">d</subfield></datafield><datafield ind1="1" ind2=" " tag="022"><subfield code="a">1062-1644</subfield><subfield code="l">1062-1644</subfield><subfield code="2">1</subfield></datafield><datafield ind1=" " ind2=" " tag="037"><subfield code="b">Nashoba Publications, 69 Fitchburg Rd., Ayer, MA 01432</subfield></datafield><datafield ind1=" " ind2=" " tag="042"><subfield code="a">msc</subfield><subfield code="a">nsdp</subfield></datafield><datafield ind1=" " ind2="0" tag="222"><subfield code="a">Times free press, public spirit</subfield></datafield><datafield ind1="0" ind2="0" tag="245"><subfield code="a">Times free press, public spirit.</subfield></datafield><datafield ind1=" " ind2=" " tag="260"><subfield code="a">Ayer, Mass. :</subfield><subfield code="b">Nashoba Publications,</subfield><subfield code="c">[1989-1995]</subfield></datafield><datafield ind1=" " ind2=" " tag="300"><subfield code="a">v.</subfield></datafield><datafield ind1=" " ind2=" " tag="310"><subfield code="a">Weekly</subfield></datafield><datafield ind1="0" ind2=" " tag="362"><subfield code="a">Vol. 120, no. 63 (Oct. 10, 1989)-v. 126, no. 13 (Mar. 29, 1995).</subfield></datafield><datafield ind1=" " ind2=" " tag="588"><subfield code="a">Latest issue consulted: Vol. 123, No. 11 (Mar. 11, 1992).</subfield></datafield><datafield ind1=" " ind2=" " tag="752"><subfield code="a">United States</subfield><subfield code="b">Massachusetts</subfield><subfield code="c">Middlesex</subfield><subfield code="d">Ayer.</subfield></datafield><datafield ind1=" " ind2=" " tag="752"><subfield code="a">United States</subfield><subfield code="b">Massachusetts</subfield><subfield code="c">Middlesex</subfield><subfield code="d">Shirley.</subfield></datafield><datafield ind1=" " ind2=" " tag="752"><subfield code="a">United States</subfield><subfield code="b">Massachusetts</subfield><subfield code="c">Middlesex</subfield><subfield code="d">Littleton.</subfield></datafield><datafield ind1=" " ind2=" " tag="752"><subfield code="a">United States</subfield><subfield code="b">Massachusetts</subfield><subfield code="c">Worcester</subfield><subfield code="d">Harvard.</subfield></datafield><datafield ind1=" " ind2=" " tag="752"><subfield code="a">United States</subfield><subfield code="b">Massachusetts</subfield><subfield code="c">Worcester</subfield><subfield code="d">Lunenburg.</subfield></datafield><datafield ind1="0" ind2="0" tag="780"><subfield code="t">Public spirit, times free press</subfield><subfield code="x">1042-8674</subfield><subfield code="w">(DLC)sn 89007646</subfield></datafield><datafield ind1="0" ind2="6" tag="785"><subfield code="t">Times free press (Ayer, Mass.)</subfield><subfield code="w">(DLC)sn 96076266</subfield></datafield><datafield ind1="0" ind2="6" tag="785"><subfield code="t">Public spirit (Ayer, Mass. : 1995)</subfield><subfield code="x">1095-5569</subfield><subfield code="w">(DLC)sn 97001862</subfield></datafield></record>